@book{tlabook,
author = {Lamport, Leslie},
title = {Specifying Systems: The TLA+ Language and Tools for Hardware and Software Engineers},
year = {2002},
isbn = {032114306X},
publisher = {Addison-Wesley Longman Publishing Co., Inc.},
address = {USA}
}
  
@inproceedings{pcalAlgo,
author = {Lamport, Leslie},
year = {2009},
month = {08},
pages = {36-60},
title = {The PlusCal Algorithm Language},
volume = {5684},
doi = {10.1007/978-3-642-03466-4_2}
}

@article{amazon,
author = {Newcombe, Chris and Rath, Tim and Zhang, Fan and Munteanu, Bogdan and Brooker, Marc and Deardeuff, Michael},
year = {2015},
month = {03},
pages = {66-73},
title = {How Amazon Web Services Uses Formal Methods},
volume = {58},
journal = {Communications of the ACM},
doi = {10.1145/2699417}
}